@inproceedings{AlemasovIBPAS2014,
abstract = {Hydrogen bonds “lifetime” was taken to describe aggregation of SOD1 protein mutants based on molecular dynamic simulations. Predictions were made concerning survival time of patients carrying amyotrophic lateral sclerosis with the hydrogen bonds “lifetime”. Both residues stabilized and destabilized by hydrogen bonds were found to make contribution to the protein aggregation and thus to the disease.},
address = {Aachen},
author = {Alemasov, Nikolay and Ivanisenko, Nikita and Ivanisenko, Vladimir},
booktitle = {German/Russian Network of Computational Systems Biology},
editor = {Hofestadt, Ralf and Shoshi, Alban},
keywords = {SOD1,тезисы},
language = {english},
mendeley-tags = {SOD1,тезисы},
pages = {62--63},
publisher = {Shaker Verlag},
title = {{Structural and dynamical properties of SOD1 protein mutants related to familial amyotrophic lateral sclerosis}},
url = {http://assa.bionet.nsc.ru/uploads/16/files/639{\_}abstract.docx},
year = {2014}
}
@inproceedings{AlemasovAMCA2015,
abstract = {Одной из причин такого неизлечимого нейродегенеративного заболевания как боковой амиотрофический склероз является мутация в гене SOD1, кодирующем белок SOD1 [1]. Если в SOD1 возникает мутация, то он может образовывать внутриклеточные агрегаты, которые приводят к болезни. Ранее была обнаружена слабая отрицательная корреляция стабильности мутантов SOD1 и времени жизни пациентов с данными мутациями [2]. Нами выдвинута гипотеза о том, что не только дестабилизация, но и локальная стабилизация структуры может вызывать агрегацию. В рамках настоящей работы с помощью метода молекулярной динамики получены структурно-динамические характеристики белка SOD1 дикого типа и 38 его мутантов. Построены регрессионные модели, связывающие некоторые параметры белка и продолжительность жизни пациентов с мутациями в SOD1 (R {\textgreater} 0.6, p {\textless} 0.001). Сделаны предсказания для мутаций, о которых нет соответствующих сведений в литературе. Работа выполнена при частичной финансовой поддержке Российского научного фонда (код проекта 14-44-00123).},
address = {Новосибирск},
author = {Алемасов, Н.А. and Иваниесенко, Н.В. and Иванисенко, В.А.},
booktitle = {Тезисы Международной конференции «Актуальные проблемы вычислительной и прикладной математики – 2015»},
file = {:home/nikolay/Документы/Диссертация/Публикации/pdf/Abstracts/2015 - SOD1 (AMCA).pdf:pdf},
keywords = {SOD1,тезисы},
language = {russian},
mendeley-tags = {тезисы,SOD1},
pages = {170},
publisher = {Академиздат},
title = {{Молекулярно-динамическая модель для оценки влияния мутаций в белке на фенотипические признаки организма}},
year = {2015}
}
@inproceedings{AlemasovPropep2015,
abstract = {Одной из причин гибели нейронов головного и спинного мозга при заболевании боковым амиотрофическим склерозом является образование внутриклеточных белковых агрегатов, вызванных мутациями в гене SOD1. Ранее было показано, что продолжительность жизни пациентов отрицательно коррелирует с термостабильностью мутантных форм белка SOD1, носителями которых они являлись. В настоящей работе сделано предположение, что усиливать агрегацию мутантов SOD1 может не только дестабилизация структуры белка за счёт разрушения водородных связей, но также появление новых водородных связей, стабилизирующих «патогенную» конформацию мутанта. Для проверки этой гипотезы методом молекулярной динамики была оценена стабильность водородных связей, которая рассчитывалась как суммарное время существования водородной связи за период моделирования. Было показано, что разница во временах существования водородных связей для мутантов и белка дикого типа имеет корреляцию (R=0.89, p{\textless}0.00001) с продолжительностью жизни более сильную, чем корреляция, основанная на термостабильности. Построена регрессионная модель, предсказывающая продолжительность жизни пациентов по структурным характеристикам мутантов SOD1. С использованием подхода случайных перестановок показано статистически значимое отличие продолжительности жизни пациентов, предсказанной с помощью регрессии, от продолжительности, ожидаемой по случайным причинам. Работа выполнена в рамках проекта фундаментальных исследований СО РАН VI.61.1.2. и гранта РНФ № 14-24-00123.},
address = {Новосибирск},
author = {Алемасов, Н.А. and Иванисенко, Н.В. and Иванисенко, В.А.},
booktitle = {Материалы VII Российского симпозиума «Белки и пептиды»},
file = {:home/nikolay/Документы/Диссертация/Публикации/pdf/Abstracts/2015 - SOD1 (Propep).pdf:pdf},
keywords = {SOD1,тезисы},
language = {russian},
mendeley-tags = {SOD1,тезисы},
pages = {380},
publisher = {ЗАО ИПП «Офсет»},
title = {{Структурные и динамические особенности мутантов белка SOD1, ассоциированных с боковым амиотрофическим склерозом}},
year = {2015}
}
