@article{Alemasov2014,
author = {Алемасов, Н.А. and Иванисенко, Н.В. and Иванисенко, В.А.},
journal = {Вавиловский журнал генетики и селекции},
keywords = {SOD1,вак},
language = {russian},
mendeley-tags = {вак,SOD1},
number = {4/2},
pages = {920--927},
title = {{Структурные и динамические особенности мутантов белка SOD1, ассоциированных с боковым амиотрофическим склерозом}},
url = {http://www.bionet.nsc.ru/vogis/download/18-4-2/011{\_}Alemasov.pdf},
volume = {18},
year = {2014}
}
@article{Alemasov2016,
author = {Alemasov, Nikolay and Ivanisenko, Nikita and Medvedev, Sergey and Zakian, Suren and Kolchanov, Nikolay and Ivanisenko, Vladimir},
doi = {10.1080/07391102.2016.1158666},
file = {:home/nikolay/.local/share/data/Mendeley Ltd./Mendeley Desktop/Downloaded/Alemasov et al. - 2016 - Dynamic properties of SOD1 mutants can predict survival time of patients carrying familial amyotrophic lateral.pdf:pdf},
journal = {Journal of Biomolecular Structure and Dynamics},
keywords = {SOD1,вак},
language = {english},
mendeley-tags = {вак,SOD1},
pages = {1--12},
title = {{Dynamic properties of SOD1 mutants can predict survival time of patients carrying familial amyotrophic lateral sclerosis}},
year = {2016}
}
